@Article{Haveman-Nies2001,
author={Haveman-Nies, A. et al.},
title={Evaluation of dietary quality in relationship to nutritional and lifestyle factors in elderly people of the US Framingham Heart Study and the European SENECA study},
journal={European Journal of Clinical Nutrition},
year={2001},
month={Oct},
day={01},
volume={55},
number={10},
pages={870-880},
abstract={Objective: To evaluate dietary quality of European and American elderly subjects using different derivatives of dietary patterns (dietary scores and clusters) and to investigate the relationship of these approaches to nutritional and lifestyle factors.},
issn={1476-5640},
doi={10.1038/sj.ejcn.1601232},
url={https://doi.org/10.1038/sj.ejcn.1601232}
}
@inproceedings{Mitchell2011PuLPA,
  title={PuLP : A Linear Programming Toolkit for Python},
  author={Stuart Mitchell and Michael J. O'Sullivan and Iain Dunning},
  year={2011},
  url={https://api.semanticscholar.org/CorpusID:14277904}
}
@MISC{Forrest2023-wv,
  title     = "{Coin-or/CBC}: Release releases/2.10.10",
  author    = "Forrest, John et al.",
  abstract  = "COIN-OR Branch-and-Cut solver",
  publisher = "Zenodo",
  year      =  2023
}

@incollection{MaherMiltenbergerPedrosoRehfeldtSchwarzSerrano2016,
  author = {Stephen Maher and Matthias Miltenberger and Jo{\~{a}}o Pedro Pedroso and Daniel Rehfeldt and Robert Schwarz and Felipe Serrano},
  title = {{PySCIPOpt}: Mathematical Programming in Python with the {SCIP} Optimization Suite},
  booktitle = {Mathematical Software {\textendash} {ICMS} 2016},
  publisher = {Springer International Publishing},
  pages = {301--307},
  year = {2016},
  doi = {10.1007/978-3-319-42432-3_37},
}